<record><leader>00000cas a2200000 a 4500</leader><controlfield tag="001">47047242</controlfield><controlfield tag="008">010531d19521954iluwr ne      0   a0eng c</controlfield><datafield ind1=" " ind2=" " tag="010"><subfield code="a">sn2001063219</subfield></datafield><datafield ind1=" " ind2=" " tag="040"><subfield code="a">NVF</subfield><subfield code="b">eng</subfield><subfield code="c">NVF</subfield><subfield code="d">CVF</subfield><subfield code="d">NVF</subfield><subfield code="d">OCLCQ</subfield><subfield code="d">OCLCF</subfield><subfield code="d">OCLCO</subfield><subfield code="d">NVF</subfield></datafield><datafield ind1=" " ind2=" " tag="042"><subfield code="a">pcc</subfield></datafield><datafield ind1=" " ind2=" " tag="043"><subfield code="a">n-us-il</subfield></datafield><datafield ind1="0" ind2="4" tag="245"><subfield code="a">The Northbrook star &amp; news.</subfield></datafield><datafield ind1="3" ind2=" " tag="246"><subfield code="a">Northbrook star and news</subfield></datafield><datafield ind1=" " ind2=" " tag="260"><subfield code="a">Northbrook, Ill. :</subfield><subfield code="b">Northview Pub. Co.,</subfield><subfield code="c">1952-1954.</subfield></datafield><datafield ind1=" " ind2=" " tag="300"><subfield code="a">v.</subfield></datafield><datafield ind1=" " ind2=" " tag="310"><subfield code="a">Weekly</subfield></datafield><datafield ind1="0" ind2=" " tag="362"><subfield code="a">Vol. 29, no. 28 (July 2, 1952)-v. 31, no. 29 (July 21,1954).</subfield></datafield><datafield ind1=" " ind2=" " tag="580"><subfield code="a">Formed by the union of: Northbrook star (Northbrook, Ill. : 1951) and: Northbrook news.</subfield></datafield><datafield ind1=" " ind2="0" tag="651"><subfield code="a">Northbrook (Ill.)</subfield><subfield code="v">Newspapers.</subfield></datafield><datafield ind1=" " ind2="7" tag="651"><subfield code="a">Illinois</subfield><subfield code="z">Northbrook.</subfield><subfield code="2">fast</subfield><subfield code="0">(OCoLC)fst01218090</subfield></datafield><datafield ind1=" " ind2="7" tag="655"><subfield code="a">Newspapers.</subfield><subfield code="2">fast</subfield><subfield code="0">(OCoLC)fst01423814</subfield></datafield><datafield ind1=" " ind2=" " tag="752"><subfield code="a">United States</subfield><subfield code="b">Illinois</subfield><subfield code="c">Cook</subfield><subfield code="d">Northbrook.</subfield></datafield><datafield ind1="1" ind2="4" tag="780"><subfield code="t">Northbrook star (Northbrook, Ill. : 1951)</subfield><subfield code="w">(DLC)sn2002060844</subfield><subfield code="w">(OCoLC)50102814</subfield></datafield><datafield ind1="1" ind2="4" tag="780"><subfield code="t">Northbrook news</subfield><subfield code="w">(DLC)sn 94054269</subfield><subfield code="w">(OCoLC)30537211</subfield></datafield><datafield ind1="0" ind2="0" tag="785"><subfield code="t">Northbrook star (Northbrook, Ill. : 1954)</subfield><subfield code="w">(DLC)sn 82005886</subfield><subfield code="w">(OCoLC)8672182</subfield></datafield><datafield ind1="1" ind2=" " tag="029"><subfield code="a">AU@</subfield><subfield code="b">000022746370</subfield></datafield></record>